@article{indigenous_gov_2023,
  author = {Indigenous.gov.au},
  title = {Saibai Island},
  year = {2023},
  journal = {Indigenous.gov.au}
}

@article{ewb_saibai_2024,
  author = {{Engineers Without Borders Australia}},
  title = {Navigating the Tides: Saibai Island's Battle Against Climate Change},
  year = {2024},
  journal = {Engineers Without Borders Australia Blog}
}

@article{la_mancalona,
  author = {López-Maldonado, Yolanda and Berkes, Fikret},
  title = {Community-based freshwater management and the Yucatán Peninsula’s water crisis},
  year = {2015},
  journal = {Ecological Economics},
  volume = {120},
  pages = {208--215}
}

@article{corruption_indigenous,
  author = {Buchanan, Greg and McNamara, Patricia},
  title = {Exploring the Incidence of Corruption and Fraud in Indigenous Corporations},
  year = {2020},
  journal = {Charles Sturt University Research Output}
}

@article{remote_water_convo,
  author = {Taylor, Jacqui},
  title = {Some remote Australian communities have drinking water for only nine hours a day},
  year = {2017},
  journal = {The Conversation}
}

@article{mangrove_research,
  author = {Shepherd, T. and Specht, A.},
  title = {Mangrove and Freshwater Wetland Habitat Status of the Torres Strait Islands: Biodiversity, Biomass, Changing Condition of Wetlands},
  year = {2016},
  journal = {ResearchGate}
}

@article{lagoon_pipe_report,
  author = {{Torres Strait Island Regional Council}},
  title = {Water Services Report - Dauan and Saibai},
  year = {2022},
  journal = {Torres Strait Island Regional Council Publications}
}
