@article{servespeed,
	title = {Normative profiles for serve speed for the training of the serve and
	         reception in volleyball},
	Author = {José Manuel Palao and David Valadés},
	Year = {2014},
	Journal = {The Sport Journal},
}
